<record xmlns='http://www.loc.gov/MARC21/slim'><leader>01356cim a22003372u 4500</leader><controlfield tag='001'>3601299</controlfield><controlfield tag='005'>20151214182827.0</controlfield><controlfield tag='007'>ss|lmnjluz|nuu</controlfield><controlfield tag='008'>991101s1984    nyunnn         l    eng d</controlfield><datafield ind1=' ' ind2=' ' tag='035'><subfield code='a'>(NIC)notisASF8364</subfield></datafield><datafield ind1=' ' ind2=' ' tag='035'><subfield code='a'>3601299</subfield></datafield><datafield ind1=' ' ind2=' ' tag='035'><subfield code='a'>(OCoLC)63897372</subfield></datafield><datafield ind1=' ' ind2=' ' tag='040'><subfield code='a'>NIC</subfield><subfield code='c'>NIC</subfield><subfield code='d'>NIC</subfield></datafield><datafield ind1='1' ind2=' ' tag='100'><subfield code='a'>Lopez-Baralt, Mercedes.</subfield></datafield><datafield ind1='1' ind2='4' tag='245'><subfield code='a'>The political iconography of the new world: the foundation myth in Catholic, Protestant and Native icons</subfield><subfield code='h'>[sound recording]</subfield></datafield><datafield ind1=' ' ind2=' ' tag='260'><subfield code='c'>1984.</subfield></datafield><datafield ind1=' ' ind2=' ' tag='300'><subfield code='a'>1 sound cassette (45 min.) :</subfield><subfield code='b'>analog, mono.</subfield></datafield><datafield ind1=' ' ind2=' ' tag='500'><subfield code='a'>Recorded in Ithaca, NY by Cornell University.</subfield></datafield><datafield ind1=' ' ind2=' ' tag='500'><subfield code='a'>Sponsored by: Romance Studies, Department of,Society for the Humanities,American Studies Program,Women&apos;s Studies Program,Arts and Sciences, College of.</subfield></datafield><datafield ind1=' ' ind2=' ' tag='518'><subfield code='a'>Lecture, March 15, 1984.</subfield></datafield><datafield ind1=' ' ind2=' ' tag='520'><subfield code='a'>Lopez-Baralt traces the history and development of European iconography and emblems in the New World.</subfield></datafield><datafield ind1=' ' ind2='0' tag='650'><subfield code='a'>Christian art and symbolism.</subfield></datafield><datafield ind1=' ' ind2='0' tag='650'><subfield code='a'>Icons.</subfield></datafield><datafield ind1=' ' ind2='0' tag='650'><subfield code='a'>Mythology.</subfield></datafield><datafield ind1=' ' ind2='7' tag='650'><subfield code='a'>Christian art and symbolism</subfield><subfield code='2'>fast</subfield><subfield code='0'>(OCoLC)fst00858904</subfield></datafield><datafield ind1=' ' ind2='7' tag='650'><subfield code='a'>Icons</subfield><subfield code='2'>fast</subfield><subfield code='0'>(OCoLC)fst00966768</subfield></datafield><datafield ind1=' ' ind2='7' tag='650'><subfield code='a'>Mythology</subfield><subfield code='2'>fast</subfield><subfield code='0'>(OCoLC)fst01031701</subfield></datafield><datafield ind1=' ' ind2='0' tag='830'><subfield code='a'>Political iconography of the New World.</subfield></datafield><datafield ind1='1' ind2=' ' tag='899'><subfield code='a'>CULectures</subfield></datafield><datafield ind1=' ' ind2=' ' tag='905'><subfield code='a'>19991201120000.0</subfield></datafield><datafield ind1='2' ind2=' ' tag='948'><subfield code='a'>20141221</subfield><subfield code='b'>m</subfield><subfield code='d'>batch</subfield><subfield code='e'>lts</subfield><subfield code='x'>addfast</subfield></datafield></record>